01REMESSA01COBRANCA       065500408250        TRAVELMATE INTERCÂMBIO E TURIS341BANCO ITAU S.A.020517                                                                                                                                                                                                                                                                                                      000001
10205138734000155065500408250    0000                         11111110000000000000109000000000000000000000I011111111  06021700000004023403410000008N020517000000000000015290205170000000000000000000000000000000000000000123538504806   FABIO SAMBU                             RUA VIRGINIA TORENZI FORTE67            PQ EUROPA   04910070SAO PAULO      SP                                  07021700 000002
21070220170000000009495                                                                                                                                                                                                                                                                                                                                                                                   000003
9                                                                                                                                                                                                                                                                                                                                                                                                         000004
01REMESSA01COBRANCA       065500408250        TRAVELMATE INTERCÂMBIO E TURIS341BANCO ITAU S.A.020517                                                                                                                                                                                                                                                                                                      000005
10205138734000155065500408250    0000                         11111110000000000000109000000000000000000000I011111111  10021700000000411423410000008N020517000000000000001560205170000000000000000000000000000000000000000105864877948   ANA PAULA PINHEIRO ZENATTI              RUA RICARDO M RAMOS563                  PARQUE PATRI85854516FOZ DO IGUAÇU  PR                                  11021700 000006
21110220170000000000971                                                                                                                                                                                                                                                                                                                                                                                   000007
9                                                                                                                                                                                                                                                                                                                                                                                                         000008
01REMESSA01COBRANCA       065500408250        TRAVELMATE INTERCÂMBIO E TURIS341BANCO ITAU S.A.020517                                                                                                                                                                                                                                                                                                      000009
10205138734000155065500408250    0000                         11111110000000000000109000000000000000000000I011111111  10021700000000270243410000008N020517000000000000001030205170000000000000000000000000000000000000000101881428192   BRUNA LITHELLY SANTOS FERREIRA          RUA Q , 0 QD 24 LT 14/2727              TAGUATINGA  72135240BRASILIA       DF                                  11021700 000010
21110220170000000000638                                                                                                                                                                                                                                                                                                                                                                                   000011
9                                                                                                                                                                                                                                                                                                                                                                                                         000012
01REMESSA01COBRANCA       065500408250        TRAVELMATE INTERCÂMBIO E TURIS341BANCO ITAU S.A.020517                                                                                                                                                                                                                                                                                                      000013
10205138734000155065500408250    0000                         11111110000000000000109000000000000000000000I011111111  10021700000000396493410000008N020517000000000000001510205170000000000000000000000000000000000000000141572160837   CHARLIZE DE OLIVEIRA BRAGA BEN          RUA COMENDADOR FRANCISCO PETTINATI44    JARDIM MONTE05634010SÃO PAULO      SP                                  11021700 000014
21110220170000000000936                                                                                                                                                                                                                                                                                                                                                                                   000015
9                                                                                                                                                                                                                                                                                                                                                                                                         000016
01REMESSA01COBRANCA       065500408250        TRAVELMATE INTERCÂMBIO E TURIS341BANCO ITAU S.A.020517                                                                                                                                                                                                                                                                                                      000017
10205138734000155065500408250    0000                         11111110000000000000109000000000000000000000I011111111  10021700000000928483410000008N020517000000000000003530205170000000000000000000000000000000000000000145938555353   JOSE MARCIO FERREIRA DA SILVA           RUA PROJETADA234                        COHAJOLI    65073340SAO LUIS       MA                                  11021700 000018
21110220170000000002191                                                                                                                                                                                                                                                                                                                                                                                   000019
9                                                                                                                                                                                                                                                                                                                                                                                                         000020
